1924 3235
159 121 232 162 (2³11.
256 120 367 160 xxiii.
396 120 451 172 2.]
524 118 819 159 fflvercitations
840 131 943 171 upon
966 117 1022 157 St.
1040 117 1244 156 Mactlaew.
1534 116 1618 157 289

158 227 225 268 secl
249 226 380 266 doctor
411 224 700 278 mysticationes.
771 224 1022 278 Proponunt
1051 237 1150 277 ergo
1179 222 1215 262 ei
1236 225 1400 262 textum
1423 224 1490 273 [ex
1514 222 1622 262 Dan.

157 309 196 335 x.
225 295 308 345 21.]
334 292 667 347 exphcandumf‘

216 361 303 402 Sub
325 361 402 401 hac
424 360 554 400 classe
576 359 771 400 ordinare
799 359 897 400 licet
917 358 1219 413 explicationes
1248 357 1364 405 istas,
1389 370 1481 410 quae
1504 355 1626 410 vulgo

157 433 362 470 vocantur
396 427 592 468 Rccbbotlz.
670 428 718 467 In
753 427 903 482 quibus
940 426 1218 468 traditionum
1259 424 1428 479 quidem
1464 438 1626 478 parum,

159 502 226 537 ast
258 496 523 537 Glossemata
558 496 599 536 in
636 500 801 537 textum
838 494 966 545 varia,
1003 499 1133 549 atque
1168 498 1216 534 ut
1253 492 1478 547 plurimum
1511 491 1627 532 vafra

159 564 274 605 satis.

221 632 269 672 In
291 632 403 672 hisce
425 631 747 673 Commentariis
770 630 952 672 occurrit
973 629 1147 671 infinitis
1168 628 1326 670 vicibus
1350 628 1440 668 haec
1466 626 1627 681 phrasi-

162 699 310 754 ologia,
343 705 454 744 ΠΠΞ
493 689 530 743 ’Ἴ
563 698 695 740 Babbz·
726 701 782 740 N.
815 699 988 754 aperuit.
1051 697 1146 739 Scio
1182 711 1324 738 vocem
1360 701 1471 740 ΠΠΞ
1509 693 1627 734 reddi

162 782 283 822 posse
306 768 463 821 incepit.
513 767 587 809 Cui
610 767 837 821 opponitur
858 773 977 811 ΞΠΠ
998 766 1135 807 Finiit
1149 781 1162 804 .·
1195 769 1263 806 ast
1284 763 1414 804 reddo
1434 762 1626 817 Aperuit,

162 836 317 891 partim
350 851 400 877 ex
432 837 523 891 ipsa
553 836 613 876 rei
647 841 888 877 memoratae
919 835 1141 882 evidentia,
1163 838 1208 874 et
1236 831 1390 887 partim
1417 846 1469 872 ex
1492 829 1629 871 verbis

162 905 274 945 hisce
299 904 630 959 Magistrorum:
664 892 790 961 fbffis)
818 884 954 948 ”2457ss
985 908 1138 948 ΝΠΠΞ
1171 905 1341 966 primm
1372 903 1493 964 3³:25
1521 897 1630 938 Rab-

162 969 250 1010 bim'
281 970 473 1024 aperiunt
507 971 749 1025 apertionem
782 970 864 1023 (vel
895 969 1056 1020 ostium)
1090 968 1181 1008 kuic
1212 967 1454 1020 Scriptum.
1515 964 1630 1005 Prae-

162 1037 336 1078 varicati
374 1047 473 1078 sunt
509 1042 658 1078 contra
695 1037 933 1077 Dominum.
997 1036 1105 1076 Nam
1139 1034 1247 1075 filios
1282 1033 1442 1074 alienos
1477 1046 1630 1086 genue-

163 1109 288 1152 runt;
317 1105 406 1160 jam
438 1105 656 1146 devorabit
688 1104 841 1145 mensis
872 1119 943 1144 eos
974 1108 1017 1145 et
1047 1102 1262 1158 portiones
1293 1115 1450 1140 eorum.
1500 1098 1629 1153 [Hos.

163 1189 199 1214 v.
226 1174 283 1230 7.]
347 1174 417 1213 Ad
452 1173 701 1220 docendum,
739 1173 851 1227 quod
887 1187 980 1213 cum
1020 1178 1212 1212 mortuus
1253 1174 1365 1210 esset
1401 1168 1630 1222 Josephus‚

164 1240 286 1281 inane
314 1241 590 1282 reddiderunt
621 1241 758 1281 foedus
790 1239 1126 1287 circumcisionis,
1153 1242 1196 1279 et
1226 1237 1438 1282 dixerunt,
1463 1235 1632 1275 Erimus

164 1308 272 1349 sicut
287 1308 493 1363 AEgyptii.
538 1308 665 1349 Unde
686 1308 825 1356 discis,
848 1308 959 1362 quod
983 1308 1126 1348 Moses
1149 1304 1410 1346 circumcidit
1432 1317 1514 1351 eos,
1537 1317 1632 1343 cum

164 1377 474 1433 egrederentur.
538 1377 659 1428 Quod
688 1391 782 1417 cum
810 1376 991 1425 fecisset,
1018 1373 1257 1416 immutavit
1287 1373 1403 1413 Deus
1431 1385 1630 1420 amorem,

164 1459 247 1500 quo
277 1459 348 1485 eos
378 1450 625 1485 amaverant
653 1443 864 1499 AEgyptii,
894 1443 935 1483 in
965 1443 1105 1484 odium
1124 1472 1303 1483 .....
1366 1440 1437 1479 Ad
1459 1439 1633 1493 implen-

164 1512 264 1552 dum
285 1512 384 1552 illud
408 1512 518 1566 quod
542 1511 708 1561 dicitur,
734 1511 966 1553 Devorabit
987 1525 1058 1552 eos
1079 1509 1233 1551 mensis
1254 1522 1347 1549 cum
1369 1506 1633 1562 portionibus

166 1579 292 1620 suisg.

225 1646 283 1687 Et
313 1647 548 1701 ubicunque
579 1647 630 1688 de
660 1647 800 1701 aliquo
828 1647 996 1694 dicitur,
1029 1645 1141 1700 quod
1173 1650 1285 1690 ΠῙἿΞ
1319 1643 1448 1698 (quod
1479 1642 1633 1683 dicitur

166 1713 382 1767 infinities)
424 1715 642 1756 Rabbinus
682 1715 762 1756 iste
803 1715 844 1754 in
884 1728 1033 1755 manus
1075 1713 1203 1753 sumit
1243 1712 1424 1766 aliquem
1465 1716 1631 1751 textum

166 1783 411 1837 Scripturae,
441 1787 485 1823 et
516 1788 590 1824 aut
621 1784 749 1824 verba
779 1783 868 1837 ejus
900 1781 1092 1836 explicat,
1125 1785 1201 1821 aut
1233 1794 1401 1820 sensum
1432 1778 1631 1833 applicat,

165 1854 240 1890 aut
262 1852 499 1902 utrumque.
562 1849 767 1904 Exempla
788 1854 887 1889 sunt
908 1849 1128 1888 innumera
1146 1863 1154 1888 :
1186 1846 1422 1901 praesertim
1443 1845 1485 1885 in
1508 1845 1634 1885 Bere-

166 1915 280 1957 shith
314 1916 476 1965 Babba,
508 1921 634 1971 atque
667 1917 710 1957 in
746 1915 1058 1957 introductione
1094 1915 1177 1956 ista
1213 1915 1268 1955 ad
1301 1914 1466 1954 Midras
1499 1913 1633 1961 Echa,

166 1999 292 2040 quam
323 1989 474 2025 vocant
504 1989 684 2030 ”2³:7³5
722 1991 919 2030 ΝΠΠΠΞ
951 1985 1206 2039 Apertiones,
1234 1983 1299 2024 vel
1330 1981 1633 2037 Eoeplicationes

168 2052 420 2104 Sapientum.

228 2119 326 2159 Illos
355 2134 467 2174 ergo,
495 2119 564 2174 qui
597 2134 686 2160 sese
717 2119 975 2174 explicandis
1008 2117 1237 2173 Scripturis
1267 2117 1524 2158 addixerunt
1555 2117 1633 2157 hoc

169 2186 306 2237 modo,
331 2187 508 2238 νομικοὺς
535 2202 612 2242 ego
639 2187 720 2228 dici
749 2188 945 2237 arbitror,
967 2193 1016 2228 ut
1039 2186 1262 2227 distinctos
1284 2186 1339 2226 ab
1361 2185 1422 2233 iis,
1445 2185 1515 2239 qui
1537 2199 1634 2239 ope-

169 2268 258 2296 ram
281 2254 487 2296 dederunt
508 2255 706 2296 docendis
728 2261 858 2310 atque
879 2254 1136 2296 illustrandis
1158 2253 1472 2296 traditionibus.

696 2414 730 2456 O
742 2414 781 2454 H
793 2414 831 2455 A
842 2414 890 2455 P.
924 2413 1109 2454 XXIII.

230 2494 341 2534 Vm.
357 2508 405 2537 2:
438 2496 530 2537 Ἐπὶ
551 2500 616 2547 τῆς
639 2497 814 2541 Μωσέως
836 2497 1035 2550 καθέδρας,
1058 2498 1132 2539 &c.
1180 2498 1236 2538 In
1258 2496 1398 2537 Moses-⁵
1418 2502 1513 2545 seat,
1537 2497 1630 2550 <gs-c]

174 2561 276 2602 This
295 2562 330 2602 is
351 2567 396 2603 to
413 2563 467 2603 be
487 2564 746 2606 understood
761 2566 906 2606 rather
922 2566 968 2606 of
984 2566 1058 2606 the
1074 2565 1291 2621 leyislative
1310 2571 1390 2606 seat
1407 2567 1472 2619 (or
1487 2564 1633 2617 chezir),

174 2629 277 2670 than
299 2629 345 2668 of
368 2630 439 2670 the
467 2631 621 2686 merely
641 2632 843 2673 doctriozal
854 2648 866 2671 .·
899 2633 983 2674 and
1003 2633 1148 2674 Christ
1168 2633 1268 2673 here
1288 2636 1446 2672 asserts
1468 2632 1540 2672 the
1561 2646 1634 2672 au-

173 2695 333 2750 thority
355 2696 400 2736 of
418 2697 490 2738 the
509 2698 770 2753 magistrate,
791 2700 875 2740 and
897 2700 1150 2754 persuadeth
1172 2704 1218 2740 to
1240 2700 1345 2754 obey
1366 2699 1452 2739 him
1479 2699 1517 2739 in
1540 2699 1633 2738 law-

172 2764 230 2804 sul
253 2764 408 2818 things.

269 2876 281 2901 s
305 2877 477 2912 Shemoth
497 2878 628 2918 Rabba,
649 2885 730 2913 sect.
748 2890 776 2912 1.
905 2885 923 2908 Ε
949 2878 1031 2913 Vid.
1053 2877 1213 2913 Bemidb.
1235 2876 1322 2912 Rab.
1341 2875 1400 2910 fol.
1415 2885 1492 2922 257.
1506 2887 1538 2920 3.

230 2959 479 2996 LIGHTFOOT,
502 2959 594 2987 VOL.
618 2959 660 2987 Π.
1203 2959 1229 2986 U
